<record xmlns="http://www.loc.gov/MARC21/slim" xmlns:xsi="http://www.w3.org/2001/XMLSchema-instance" xsi:schemaLocation="http://www.loc.gov/MARC21/slim http://www.loc.gov/standards/marcxml/schema/MARC21slim.xsd"><leader>01052nam a2200253   4500</leader><controlfield tag="001">001680644</controlfield><controlfield tag="003">NNU</controlfield><controlfield tag="006">m        d        </controlfield><controlfield tag="007">cr cn |||m|||a</controlfield><controlfield tag="008">140707q19001981ua      o     000 0 araod</controlfield><datafield ind1=" " ind2=" " tag="020"><subfield code="z">9777308280</subfield></datafield><datafield ind1=" " ind2=" " tag="040"><subfield code="a">NNU</subfield><subfield code="b">eng</subfield><subfield code="c">NNU</subfield></datafield><datafield ind1="1" ind2=" " tag="100"><subfield code="a">Fawz&#299;, Jam&#257;l.</subfield></datafield><datafield ind1="1" ind2="3" tag="245"><subfield code="a">al-&#7778;abr wa-al-thab&#257;t</subfield><subfield code="h">[electronic resource] :</subfield><subfield code="b">nafath&#257;t muj&#257;hid f&#299; sab&#299;l All&#257;h : d&#299;w&#257;n shi&#699;r /</subfield><subfield code="c">Jam&#257;l Fawz&#299;.</subfield></datafield><datafield ind1=" " ind2=" " tag="260"><subfield code="a">&#699;&#256;bd&#299;n :</subfield><subfield code="b">D&#257;r al-&#7840;n&#7779;&#257;r</subfield><subfield code="c">[19--]</subfield></datafield><datafield ind1=" " ind2=" " tag="300"><subfield code="a">online resource (160 p.)</subfield></datafield><datafield ind1=" " ind2=" " tag="500"><subfield code="a">Errata leaves inserted.</subfield></datafield><datafield ind1=" " ind2=" " tag="500"><subfield code="a">Part of the Arabic Collections Online (ACO) project, contributed by New York Univeristy Libraries.</subfield></datafield><datafield ind1=" " ind2=" " tag="533"><subfield code="a">Electronic reproduction.</subfield><subfield code="b">New York, N.Y. :</subfield><subfield code="c">New York University,</subfield><subfield code="d">2014.</subfield><subfield code="5">NNU</subfield></datafield><datafield ind1="2" ind2=" " tag="710"><subfield code="a">New York University.</subfield><subfield code="b">Libraries.</subfield></datafield><datafield ind1="0" ind2=" " tag="730"><subfield code="a">Arabic Collections Online.</subfield></datafield><datafield ind1="0" ind2="8" tag="776"><subfield code="i">Print version:</subfield><subfield code="a">Fawz&#299;, Jam&#257;l.</subfield><subfield code="t">al-&#7778;abr wa-al-thab&#257;t</subfield><subfield code="w">(NNU)001680644</subfield><subfield code="z">9777308280</subfield></datafield><datafield ind1="4" ind2="0" tag="856"><subfield code="u">http://hdl.handle.net/2333.1/hqbzkjtw</subfield></datafield><datafield ind1=" " ind2=" " tag="959"><subfield code="a">NNU</subfield><subfield code="b">WEB</subfield><subfield code="c">GENI</subfield><subfield code="t">0</subfield><subfield code="m">Electronic access</subfield><subfield code="s">01</subfield></datafield></record>